@Manual{fpga,
  title        = "DE1-SoC",
  year         = "2014",
  organization = "terasIC",
  url          = "https://www.terasic.com.tw/cgi-bin/page/archive.pl?Language=English&CategoryNo=165&No=836&PartNo=4#contents",
  note         = {\url{https://www.terasic.com.tw/cgi-bin/page/archive.pl?Language=English&CategoryNo=165&No=836&PartNo=4#contents}},
}

@misc{vga,
title        = "VGA Signal 640 x 480 @ 60 Hz Industry standard timing",
url          = "http://tinyvga.com/vga-timing/640x480@60Hz",
note         = {\url{http://tinyvga.com/vga-timing/640x480@60Hz}},
}